% This file was created with JabRef 2.6.
% Encoding: Cp1252

@ELECTRONIC{mongoDB,
  author = {10gen},
  title = {MongoDB},
  howpublished = {[Oline]},
  note = {Aufgerufen am 27.06.2011},
  url = {{http://www.mongodb.org/}},
  owner = {Thomas},
  timestamp = {2011.06.27}
}

@BOOK{couchDB,
  title = {CouchDB : the definitive guide},
  publisher = {OReilly},
  year = {2010},
  author = {Anderson, J. Chris ; Lehnardt, Jan ; Slater, Noah},
  series = {Time to relax},
  address = {Beijing},
  edition = {1. ed.},
  bestand = {Universitätsbibliothek Tübingen <21> [Signatur: 50 A 10856]; Universität
	Mannheim, Universitätsbibliothek <180>; Universitätsbibliothek Heidelberg
	<16> [Signatur: LN-U10-15674]; Karlsruher Institut für Technologie
	(KIT) - KIT-Bibliothek Süd <90> [Signatur: 2010 A 897]; KIT, Campus
	Süd, Wirtschaftswissenschaftliche <90/3>; KIT, Campus Süd, Inst.
	f. Informationswirtschaft und <90/209>; Universitätsbibliothek Stuttgart
	<93> [Signatur: 6H 97]; Kommunikations- u. Informationszentrum Universität
	Ulm (kiz) <289> [Signatur: QAA 640/2010 A]; Hochschule für Technik,
	Wirtschaft und Kultur Leipzig <L 189>; Oberwolfach, Mathematisches
	Forschungsinstitut Oberwolfach <Frei 3c> [Signatur: I/Anderson, J];},
  isbn = {978-0-596-15589-6},
  owner = {Thomas},
  size = {XXI, 245 S. : Ill., graph. Darst.},
  timestamp = {2011.06.26},
  url = {http://deposit.d-nb.de/cgi-bin/dokserv?id=3361637&prov=M&dok_var=1&dok_ext=htm ; http://swbplus.bsz-bw.de/bsz319002950cov.htm}
}

@ARTICLE{RoRArticle,
  author = {Bachle, M. and Kirchberg, P.},
  title = {Ruby on Rails},
  journal = {Software, IEEE},
  year = {2007},
  volume = {24},
  pages = {105 -108},
  number = {6},
  month = {nov.-dec. },
  doi = {10.1109/MS.2007.176},
  issn = {0740-7459},
  keywords = {Java architecture;Ruby on Rail;Web 2.0 framework;object-oriented Ruby
	programming language;open source framework;Java;Web services;object-oriented
	programming;},
  owner = {Thomas},
  timestamp = {2011.07.03}
}

@INPROCEEDINGS{PerformanceComparison,
  author = {Cecchet, Emmanuel and Chanda, Anupam and Elnikety, Sameh and Marguerite,
	Julie and Zwaenepoel, Willy},
  title = {Performance comparison of middleware architectures for generating
	dynamic web content},
  booktitle = {Proceedings of the ACM/IFIP/USENIX 2003 International Conference
	on Middleware},
  year = {2003},
  series = {Middleware '03},
  pages = {242--261},
  address = {New York, NY, USA},
  publisher = {Springer-Verlag New York, Inc.},
  acmid = {1515933},
  isbn = {3-540-40317-5},
  location = {Rio de Janeiro, Brazil},
  numpages = {20},
  owner = {Thomas},
  timestamp = {2011.06.25},
  url = {{http://portal.acm.org/citation.cfm?id=1515915.1515933}}
}

@CONFERENCE{bigtable,
  author = {Fay Chang and Jeffrey Dean and Sanjay Ghemawat and Wilson C. Hsieh
	and Deborah A. Wallach and Mike Burrows and Tushar Chandra and Andrew
	Fikes and Robert E. Gruber},
  title = {{Bigtable: A Distributed Storage System for Structured Data}},
  booktitle = {{7th USENIX Symposium on Operation Systems Design and Implementation}},
  year = {2006},
  owner = {Thomas},
  timestamp = {2011.06.27}
}

@ARTICLE{MapReduce,
  author = {Dean, Jeffrey and Ghemawat, Sanjay},
  title = {{MapReduce: simplified data processing on large clusters}},
  journal = {Commun. ACM},
  year = {2008},
  volume = {51},
  pages = {107--113},
  month = {January},
  acmid = {1327492},
  address = {New York, NY, USA},
  doi = {http://doi.acm.org/10.1145/1327452.1327492},
  issn = {0001-0782},
  issue = {1},
  issue_date = {January 2008},
  numpages = {7},
  owner = {Thomas},
  publisher = {ACM},
  timestamp = {2011.06.30},
  url = {http://doi.acm.org/10.1145/1327452.1327492}
}

@INPROCEEDINGS{dynamo,
  author = {DeCandia, Giuseppe and Hastorun, Deniz and Jampani, Madan and Kakulapati,
	Gunavardhan and Lakshman, Avinash and Pilchin, Alex and Sivasubramanian,
	Swaminathan and Vosshall, Peter and Vogels, Werner},
  title = {{Dynamo: amazon's highly available key-value store}},
  booktitle = {{Proceedings of twenty-first ACM SIGOPS symposium on Operating systems
	principles}},
  year = {2007},
  series = {SOSP '07},
  pages = {205--220},
  address = {New York, NY, USA},
  publisher = {ACM},
  acmid = {1294281},
  doi = {http://doi.acm.org/10.1145/1294261.1294281},
  isbn = {978-1-59593-591-5},
  keywords = {performance, reliability, scalability},
  location = {Stevenson, Washington, USA},
  numpages = {16},
  owner = {Thomas},
  timestamp = {2011.06.27},
  url = {http://doi.acm.org/10.1145/1294261.1294281}
}

@ELECTRONIC{nosqlArchiv,
  author = {Prof. Dr. Stefan Edlich},
  title = {NoSQL-Archiv},
  howpublished = {[Online]},
  note = {Aufgerufen am 27.06.2011},
  url = {{http://nosql-database.org/}},
  owner = {Thomas},
  timestamp = {2011.06.27}
}

@ELECTRONIC{rubyOnRailsWebsite,
  author = {David Heinemeier Hansson},
  title = {Ruby On Rails},
  note = {{Aufgerufen am 26.06.2011}},
  url = {http://rubyonrails.org/},
  owner = {Thomas},
  timestamp = {2011.06.26}
}

@INPROCEEDINGS{internetHistory,
  author = {Barry M. Leiner and Vinton G. Cerf and David D. Clark and Robert
	E. Kahn and Leonard Kleinrock and Daniel C. Lynch and Jon Postel
	and Larry G. Roberts and Stephen Wolff},
  title = {{A Brief History of the Internet}},
  booktitle = {{ACM SIGCOMM Computer Communication Review}},
  year = {2009},
  volume = {39},
  number = {5},
  pages = {22--31},
  month = {October}
}

@INCOLLECTION{ActiveQueryCaching,
  author = {Luo, Qiong and Naughton, Jeffrey and Krishnamurthy, Rajasekar and
	Cao, Pei and Li, Yunrui},
  title = {Active Query Caching for Database Web Servers},
  booktitle = {The World Wide Web and Databases},
  publisher = {Springer Berlin / Heidelberg},
  year = {2001},
  editor = {Goos, Gerhard and Hartmanis, Juris and van Leeuwen, Jan and Suciu,
	Dan and Vossen, Gottfried},
  volume = {1997},
  series = {Lecture Notes in Computer Science},
  pages = {92-104},
  affiliation = {University of Wisconsin-Madison Computer Sciences Department WI 53706
	Madison USA},
  owner = {Thomas},
  timestamp = {2011.06.25},
  url = {{http://dx.doi.org/10.1007/3-540-45271-0_6}}
}

@INPROCEEDINGS{Cloudstone,
  author = {Will Sobel and Shanti Subramanyam and Akara Sucharitakul and Jimmy
	Nguyen and Hubert Wong and Arthur Klepchukov and Sheetal Patil and
	Armando Fox and David Patterson},
  title = {{Cloudstone: Multi-Platform, Multi-Language Benchmark and Measurement
	Tools for Web 2.0}},
  booktitle = {{Cloud Computing and its Applications}},
  year = {2008},
  owner = {Thomas},
  timestamp = {2011.05.19}
}

@ELECTRONIC{activeCouch,
  author = {Arun Thampi},
  title = {ActiveCouch},
  note = {[Online, Abgerufen am 7.7.2011]},
  url = {{https://github.com/arunthampi/activecouch}},
  owner = {Thomas},
  timestamp = {2011.07.07}
}

@ELECTRONIC{fromSQLToCouchDB,
  author = {John P. Wood},
  title = {{How to Move from MySQL to CouchDB}},
  howpublished = {[Online]},
  note = {{Aufgerufen am 26.06.2011}},
  url = {{http://www.couchbase.com/case-studies/migrating-to-couchdb}},
  owner = {Thomas},
  timestamp = {2011.06.27}
}

@BOOK{nosqlBuch,
  title = {{NoSQL : Einstieg in die Welt nichtrelationaler Web 2.0 Datenbanken}},
  publisher = {Hanser},
  year = {2010},
  editor = {Edlich, Stefan},
  address = {München},
  isbn = {978-3-446-42355-8},
  owner = {Thomas},
  size = {XIV, 289 S. : Ill., graph. Darst.},
  timestamp = {2011.06.27}
}

@ELECTRONIC{apache,
  title = {Apache},
  url = {http://www.apache.com/},
  owner = {Thomas},
  timestamp = {2011.05.20}
}

@ELECTRONIC{couchRest,
  title = {CouchRest},
  note = {{Aufgerufen am 26.06.2011}},
  url = {http://www.couchrest.info/},
  owner = {Thomas},
  timestamp = {2011.06.26}
}

@ELECTRONIC{ec2,
  title = {{Amazon's Elastic Compute Cloud}},
  url = {http://aws.amazon.com/ec2/},
  owner = {Thomas},
  timestamp = {2011.05.20}
}

@ELECTRONIC{nginx,
  title = {Nginx},
  url = {http://nginx.org/},
  owner = {Thomas},
  timestamp = {2011.05.20}
}

